@misc{01,
  author = {Kyunghyun Cho and Bart van Merriënboer and Dzmitry Bahdanau},
  year   = {(2014b)},
  title  = {{On the properties of neural machine translation: Encoder–Decoder approaches}},
  url    = {},
  note   = {In Eighth Workshop on Syntax, Semanticsand Structure in Statistical Translation.},
}

@misc{02,
  author = {Kyunghyun Cho, Bart van Merriënboer and Caglar Gulcehre and Dzmitry Bahdanau and Fethi Bougares and Holger Schwenk and Yoshua Bengio},
  year   = {2014},
  title  = {{Learning Phrase Representations using RNN Encoder–Decoder for Statistical Machine Translation}},
  url    = {},
  note   = {},
}

@misc{04,
  author = {Ilya Sutskever and Oriol Vinyals and Quoc V. Le},
  year   = {2014},
  title  = {{Sequence to Sequence Learning with Neural Networks}},
  url    = {},
  note   = {},
}

@misc{05,
  author = {Alex Graves},
  year   = {2014},
  title  = {{Generating Sequences With Recurrent Neural Networks}},
  url    = {},
  note   = {},
}

@misc{06,
  author = {Yonghui Wu and Mike Schuster and Zhifeng Chen and Quoc V. Le, Mohammad Norouzi and yonghui and schuster and zhifengc and Wolfgang Macherey and  Maxim Krikun and Yuan Cao and Qin Gao and Klaus Macherey and Jeff Klingner and Apurva Shah and Melvin Johnson and Xiaobing Liu and Łukasz Kaiser and Stephan Gouws and Yoshikiyo Kato and Taku Kudo and Hideto Kazawa and Keith Stevens and George Kurian and Nishant Patil and Wei Wang and Cliff Young and Jason Smith and Jason Riesa and Alex Rudnick and Oriol Vinyals and Greg Corrado and Macduff Hughes and Jeffrey Dean},
  year   = {2016},
  title  = {{Google’s Neural Machine Translation System: Bridging the Gap between Human and Machine Translation}},
  url    = {},
  note   = {},
}

@misc{07,
  author = {KyungHyun Cho and Yoshua Bengio and Dzmitry Bahdanau},
  year   = {2016},
  title  = {{NEURAL MACHINE TRANSLATION BY JOINTLY LEARNING TO ALIGN AND TRANSLATE}},
  url    = {},
  note   = {},
}

@misc{09,
  author = {Mikel L. Forcada and Mireia Ginestí-Rosell and Jacob Nordfalk and Jim O’Regan and Sergio Ortiz-Rojas and Juan Antonio Pérez-Ortiz and Felipe Sánchez-Martínez and Gema Ramírez-Sánchez and Francis M. Tyers},
  year   = {2011},
  title  = {Apertium: a free/open-source platform for rule-based machine translation},
  url    = {},
  note   = {},
}

@misc{10,
  author = {Holger Schwenk},
  year   = {2012},
  title  = {{Continuous Space Translation Models for Phrase-Based Statistical Machine Translation}},
  url    = {},
  note   = {Proceedings of COLING 2012: Posters, pages 1071–1080},
}

@misc{11,
  author = {Philipp Koehn and Franz Josef Och and Daniel Marcu},
  year   = {2003},
  title  = {{Statistical Phrase-Based Translation}},
  url    = {},
  note   = {proceedings of HLT-NAACL 2003, Main Papers , pp. 48-54},
}

@misc{12,
  author = {Matthew D. Zeiler$^{1,2}$},
  year   = {2012},
  title  = {ADADELTA: AN ADAPTIVE LEARNING RATE METHOD},
  url    = {},
  note   = {$^{1}$Google Inc., USA $^{2}$New York University, USA},
}

@misc{14,
  author = {Amittai Axelrod},
  year   = {2014},
  title  = {Data Selection for Statistical Machine Translation},
  url    = {},
  note   = {A dissertation submitted in partial fulfillment of the requirements for the degree of Doctor of Philosophy, University of Washington},
}

@misc{15,
  author = {Kishore Papineni and Salim Roukos and Todd Ward and Wei-Jing Zhu},
  year   = {2002},
  title  = {BLEU: a Method for Automatic Evaluation of Machine Translation},
  url    = {},
  note   = {Proceedings of the 40th Annual Meeting of the Association for Computational Linguistics (ACL), Philadelphia, July 2002, pp. 311-318.},
}

@misc{16,
  author = {Philipp Koehn and Hieu Hoang and Alexandra Birch and Chris Callison-Burch and Marcello Federico and Nicola Bertoldi and Brooke Cowan and Wade Shen and Christine Moran and Richard Zens and Chris Dyer and Ondřej Bojar and Alexandra Constantin and Evan Herbst},
  year   = {2007},
  title  = {Moses: Open Source Toolkit for Statistical Machine Translation},
  url    = {},
  note   = {Proceedings of the ACL 2007 Demo and Poster Sessions, pages 177–180,},
}

@misc{17,
  author = {Nadir Durrani and Barry Haddow and Kenneth Heafield and Philipp Koehn},
  year   = {2013},
  title  = {Edinburgh’s Machine Translation Systems for European Language Pairs},
  url    = {},
  note   = {School of Informatic, University of Edinburgh Scotland, United Kingdom},
}

@misc{18,
  author = {Michel Simard and Nicola Ueffing and Pierre Isabelle and Roland Kuhn},
  year   = {2007},
  title  = {Rule-based Translation With Statistical Phrase-based Post-editing},
  url    = {},
  note   = {School of Informatic, University of Edinburgh Scotland, United Kingdom},
}

@misc{19,
  author = {Zhaopeng Tu and Zhengdong Lu and Yang Liu and Xiaohua Liu and Hang Li},
  year   = {2016},
  title  = {Modeling Coverage for Neural Machine Translation},
  url    = {},
  note   = {Department of Computer Science and Technology, Tsinghua University, Beijing, Noah’s Ark Lab, Huawei Technologies, Hong Kong},
}